<?xml version="1.0" encoding="UTF-8"?>
<collection xmlns:xsi="http://www.w3.org/2001/XMLSchema-instance" xsi:schemaLocation="http://www.loc.gov/MARC21/slim http://www.loc.gov/standards/marcxml/schema/MARC21slim.xsd" xmlns="http://www.loc.gov/MARC21/slim">
<record>
  <leader>00644cam a22002171  4500</leader>
  <controlfield tag="001">3072153</controlfield>
  <controlfield tag="003">NNC</controlfield>
  <controlfield tag="005">20130426015446.0</controlfield>
  <controlfield tag="008">991206s1888    ua            000 0 ara d</controlfield>
  <datafield tag="035" ind1=" " ind2=" ">
    <subfield code="a">(OCoLC)ocm42937472</subfield>
  </datafield>
  <datafield tag="035" ind1=" " ind2=" ">
    <subfield code="9">ATP5185CU</subfield>
  </datafield>
  <datafield tag="035" ind1=" " ind2=" ">
    <subfield code="a">(NNC)3072153</subfield>
  </datafield>
  <datafield tag="040" ind1=" " ind2=" ">
    <subfield code="a">PUL</subfield>
    <subfield code="c">PUL</subfield>
    <subfield code="d">ZCU</subfield>
  </datafield>
  <datafield tag="099" ind1=" " ind2=" ">
    <subfield code="a">893.717</subfield>
    <subfield code="a">R447</subfield>
  </datafield>
  <datafield tag="100" ind1="1" ind2=" ">
    <subfield code="a">Rifāʻī, Muḥammad Sirāj al-Dīn,</subfield>
    <subfield code="d">-1480.</subfield>
  </datafield>
  <datafield tag="245" ind1="0" ind2="0">
    <subfield code="a">Ṣiḥāh al-akhbār fī nasab al-sādah al-Fāṭimīyah al-akhyār ...</subfield>
  </datafield>
  <datafield tag="260" ind1=" " ind2=" ">
    <subfield code="a">[Cairo?</subfield>
    <subfield code="b">Maṭbaʻat Muḥammad Muṣṭafā,</subfield>
    <subfield code="c">1306 [1888]]</subfield>
  </datafield>
  <datafield tag="300" ind1=" " ind2=" ">
    <subfield code="a">143 p.</subfield>
    <subfield code="c">20 cm.</subfield>
  </datafield>
  <datafield tag="546" ind1=" " ind2=" ">
    <subfield code="a">In Arabic.</subfield>
  </datafield>
  <datafield tag="650" ind1=" " ind2="0">
    <subfield code="a">Alids.</subfield>
  </datafield>
  <datafield tag="955" ind1=" " ind2=" ">
    <subfield code="b">CU58876375</subfield>
    <subfield code="d">off,glx</subfield>
    <subfield code="e">893.717 R447</subfield>
  </datafield>
</record>
</collection>